<record><leader>00000cas a22000007a 4500</leader><controlfield tag="001">15302954</controlfield><controlfield tag="008">870311d18711872paudn ne      0    0eng d</controlfield><datafield ind1=" " ind2=" " tag="010"><subfield code="a">sn 87080060 </subfield></datafield><datafield ind1=" " ind2=" " tag="040"><subfield code="a">NPH</subfield><subfield code="b">eng</subfield><subfield code="c">NPH</subfield><subfield code="d">OCLCQ</subfield></datafield><datafield ind1=" " ind2=" " tag="042"><subfield code="a">msc</subfield></datafield><datafield ind1="0" ind2=" " tag="130"><subfield code="a">Daily evening register (Oil City, Pa.)</subfield></datafield><datafield ind1="1" ind2="0" tag="245"><subfield code="a">Daily evening register.</subfield></datafield><datafield ind1="3" ind2="0" tag="246"><subfield code="a">Daily register</subfield></datafield><datafield ind1=" " ind2=" " tag="260"><subfield code="a">[Oil City, Pa.] :</subfield><subfield code="b">Walter R. Johns</subfield></datafield><datafield ind1=" " ind2=" " tag="300"><subfield code="a">v.</subfield></datafield><datafield ind1=" " ind2=" " tag="310"><subfield code="a">Daily (except Sun.)</subfield></datafield><datafield ind1="1" ind2=" " tag="362"><subfield code="a">Began in 1871; ceased in 1872.</subfield><subfield code="z">Cf. Oil City Derrick, 75th Anniversary ed., no. 26,627 (Sept. 11, 1946).</subfield></datafield><datafield ind1=" " ind2=" " tag="500"><subfield code="a">"Devoted to the petroleum interests."</subfield></datafield><datafield ind1=" " ind2=" " tag="588"><subfield code="a">Description based on: Vol. 1, no. 21 (Sept. 13, 1871).</subfield></datafield><datafield ind1=" " ind2=" " tag="752"><subfield code="a">United States</subfield><subfield code="b">Pennsylvania</subfield><subfield code="c">Venango</subfield><subfield code="d">Oil City.</subfield></datafield></record>